@ARTICLE{prim1957,
  author={R. C. {Prim}},
  journal={The Bell System Technical Journal},
  title={Shortest connection networks and some generalizations},
  year={1957},
  volume={36},
  number={6},
  pages={1389-1401}
}